%%%%%%%%%%%%%
%%%%%%%%%%%%%  Bibliografía
%%%%%%%%%%%%%  (Fichas bibliográficas)
%%%%%%%%%%%%%
% In this document you will write all the details about every piece of work you want to cite during your thesis project.
% There are several different formats which you can use to do so, for instance:

% If it is an article:

@article{Agranov2012,
	Abstract = {},
	Author = {Agranov, M. and Potamites, E. and Schotter, A. and Tergiman, C.},
	Journal = {Games and Economic Behavior},
	Number = {2},
	Numpages = {14},
	Pages = {449-463},
	Title = {Beliefs and endogenous cognitive levels: An experimental study},
	Volume = {75},
	Year = {2012}}

@article{Camerer2004,
  Abstract = {},
  Author = {Camerer, C. F. and Ho T. H. and Chong, J. K.},
  Journal = {The Quarterly Journal of Economics},
  Number = {3},
  Numpages = {34},
  Pages = {861-898},
  Title = {A cognitive hierarchy model of games},
  Volume = {119},
  Year = {2004}}

@article{Costa-Gomes2008,
  Abstract = {},
  Author = {Costa-Gomes, M. A. and Weizäcker, G.},
  Journal = {The Review of Economic Studies},
  Number = {3},
  Numpages = {33},
  Pages = {729-762},
  Title = {Stated beliefs and play in normal-form games},
  Volume = {75},
  Year = {2008}}

@article{Crawford2013,
  Abstract = {},
  Author = {Crawford, V. P. and Costa-Gomes, M. A. and Iriberri, N.},
  Journal = {Journal of Economic Literature},
  Number = {1},
  Numpages = {57},
  Pages = {5-62},
  Title = {Structural models of nonequilibrium strategic thinking: Theory, evidence and applications},
  Volume = {51},
  Year = {2013}}

@article{Ho1998,
  Abstract = {},
  Author = {Ho, T. H. and Camerer, C. and Weigelt, K.},
  Journal = {The American Economic Review},
  Number = {4},
  Numpages = {22},
  Pages = {947-969},
  Title = {Iterated dominance and iterated best response in experimental 'p-beauty contests'},
  Volume = {88},
  Year = {1998}}

@article{Kocher2007,
  Abstract = {},
  Author = {Kocher, M. and Sutter, M. and Walkolbinger, F.},
  Journal = {},
  Number = {},
  Numpages = {},
  Pages = {},
  Title = {The impact of naïve advice and observational learning in beauty-contest games},
  Volume = {},
  Year = {2007}}

@article{Lahav2015,
  Abstract = {},
  Author = {Lahav, Y.},
  Journal = {Economics Letters},
  Number = {137},
  Numpages = {5},
  Pages = {45-49},
  Title = {Eliciting beliefs in beauty contest experiments},
  Volume = {},
  Year = {2015}}

@article{Nagel1995,
  Abstract = {},
  Author = {Nagel, R.},
  Journal = {The American Economic Review},
  Number = {},
  Numpages = {13},
  Pages = {1313-1326},
  Title = {Unraveling in guessing games: An experimental study},
  Volume = {},
  Year = {1995}}

@article{Rosenthal1982,
  Abstract = {},
  Author = {Rosenthal, R. W.},
  Journal = {Journal of Economics theory},
  Number = {1},
  Numpages = {9},
  Pages = {92-100},
  Title = {Games of perfect information, predatory pricing and the chain-store paradox},
  Volume = {25},
  Year = {1982}}

@article{Slonim2005,
  Abstract = {},
  Author = {Slonim, R. L.},
  Journal = {Experimental Economics},
  Number = {1},
  Numpages = {20},
  Pages = {55-75},
  Title = {Competing against experienced and inexperienced players},
  Volume = {8},
  Year = {2005}}

@article{Stahl1995,
  Abstract = {},
  Author = {Stahl, D. O. and Wilson P. W.},
  Journal = {Games and Economic Behavior},
  Number = {1},
  Numpages = {36},
  Pages = {218-254},
  Title = {On players models of other players: Theory and experimental evidence},
  Volume = {10},
  Year = {1995}}




% If you're going to cite just a chapter:

@incollection{Capitulo,
  author      = {Autor de Libro},
  title       = {Titulo del Capitulo},
  booktitle   = {Titulo del Libro},
  publisher   = {Editorial},
  address     = {Direccion},
  year        = {1993},
  pages       = {Paginas},
  chapter     = {Cap}}

 %P If you're going to cite an entire book

  @book{Keynes1956,
  author      = {John Maynard Keynes},
  title       = {"The general Theory of Employment, Interest, and Money"},
  year        = {1956}}

%Or if you want to cite a website
@ONLINE{Pagina del Lab,
author = {Laboratorio 25},
title = {Sitio oficial del lab},
year = {2017},
url = {https://bouzaslab25.github.io}}

%Several other types of formats for citing can be found on the internet if you just google "Latex bib... and the format you're interested in"