@article{Agranov,
	Abstract = {},
	Author = {Agranov, M. and Potamites, E. and Schotter, A. and Tergiman, C.},
	Journal = {Games and Economic Behavior},
	Number = {2},
	Numpages = {15},
	Pages = {449-463},
	Title = {Beliefs and endogenous cognitive levels: An experimental study.},
	Volume = {75},
	Year = {2012}}

@article{Camerer,
	Abstract = {},
	Author = {Camerer, C. and Ho, T. and Chong, J. K.},
	Journal = {The Quarterly Journal of Economics},
	Number = {3},
	Numpages = {38},
	Pages = {861-898},
	Title = {A cognitive hierarchy model of games},
	Volume = {119},
	Year = {2004}}

@article{Costa-Gomes,
	Abstract = {},
	Author = {Costa-Gomes, M. A. and Weizsäcker, G.},
	Journal = {The Review of Economic Studies},
	Number = {3},
	Numpages = {34},
	Pages = {729-762},
	Title = {Stated beliefs and play in normal-form games},
	Volume = {75},
	Year = {2008}}

@article{Crawford,
	Abstract = {},
	Author = {Crawford, V. P. and Costa-Gomes, M. A. and Iriberri, N.},
	Journal = {Journal of Economic Litrature},
	Number = {1},
	Numpages = {58},
	Pages = {5-62},
	Title = {Structural models of nonequilibrium strategic thinking: Theory, evidence and applications},
	Volume = {51},
	Year = {2013}}

@article{Ho,
	Abstract = {},
	Author = {Ho, T. H. and Camerer, C. and Weigelt, K.},
	Journal = {The American Economic Review},
	Number = {4},
	Numpages = {23},
	Pages = {947-969},
	Title = {Iterated dominance and iterated best response in experimental p-beauty contests},
	Volume = {88},
	Year = {1998}}

@book{Keynes,
  author      = {Keynes, J.},
  title       = {The general theory of employment, interest and money},
  editor      = {},
  edition     = {},
  year        = {1956}}

@article{Kocher,
	Abstract = {},
	Author = {Kocher, M. and Sutter, M. and Wakolbinger, F.},
	Journal = {Tinbergen Institute Discussion Paper },
	Number = {},
	Numpages = {32},
	Pages = {1-32},
	Title = {The impact of näive advice and observational learning in beauty-contest games},
	Volume = {},
	Year = {2007}}

@article{Lahav,
	Abstract = {},
	Author = {Lahav, Y.},
	Journal = {Economic Letters},
	Number = {},
	Numpages = {5},
	Pages = {45-49},
	Title = {Eliciting beliefs in beauty contest experiments},
	Volume = {},
	Year = {}}

@article{Nagel,
	Abstract = {},
	Author = {Nagel, R.},
	Journal = {The American Economic Review},
	Number = {},
	Numpages = {},
	Pages = {1312-1326},
	Title = {Unraveling in guessing games: An experimental study},
	Volume = {},
	Year = {1995}}

@article{Rosenthal,
	Abstract = {},
	Author = {Rosenthal, R. W.},
	Journal = {Journal of Economic Theory},
	Number = {},
	Numpages = {9},
	Pages = {92-100},
	Title = {Games of perfect information, predatory pricing and the chain-store paradox},
	Volume = {},
	Year = {1982}}

@article{Slonim,
	Abstract = {},
	Author = {Slonim, R. L.},
	Journal = {Experimental Economics},
	Number = {1},
	Numpages = {21},
	Pages = {55-75},
	Title = {Competing against experienced and inexperienced players},
	Volume = {8},
	Year = {2005}}

@article{Stahl,
	Abstract = {},
	Author = {Stahl, D. O. and Wilson, P. W.},
	Journal = {Games and Economic Behavior},
	Number = {2},
	Numpages = {37},
	Pages = {218-254},
	Title = {On players models of other players: Theory and experimental evidence},
	Volume = {10},
	Year = {1995}}